% ------------------------------------------------------------------------
% BIBLIOGRAFIA
% ------------------------------------------------------------------------

@BOOK{longtin,
  AUTHOR =       {Andre Longtin},
  TITLE =        {Stochastic Resonance in Neuron Models},
  YEAR =         {J. Stat. Phys. 70, 309-327.},
}

@BOOK{mannella,
  AUTHOR =       {R. Mannella, V. Palleschi},
  TITLE =        {Fast and precise algorithm for computer simulation of stochastic differential equations},
  YEAR =         {Phys. Rev. A 40, 3381â€“3386 (1989)},
}

@BOOK{alexander,
  AUTHOR =       {J.C. Alexander, E.J. Doedel, H.G. Othmer},
  TITLE =        {On the resonance structure in a forced excitable system},
  YEAR =         {SIAM J. Appl. Math. 50:1373 (1990)},
}

